%% This BibTeX bibliography file was created using BibDesk.
%% http://bibdesk.sourceforge.net/

%% Created for Frank Schultz at 2019-02-15 12:42:36 PM +0100 


%% Saved with string encoding Unicode (UTF-8) 



@book{Ahrens2012,
	Address = {Heidelberg},
	Author = {Jens Ahrens},
	Edition = {1.},
	Owner = {fschultz},
	Publisher = {Springer},
	Timestamp = {2012.02.14},
	Title = {Analytic Methods of Sound Field Synthesis},
	Year = {2012}}

@inproceedings{Hahn2016AES,
	Author = {Nara Hahn AND Fiete Winter AND Sascha Spors},
	Booktitle = {Proc. of 140th Audio Eng. Soc. Conv., Paris},
	Date-Added = {2019-02-14 11:33:19 PM +0100},
	Date-Modified = {2019-02-14 11:36:10 PM +0100},
	Number = {\#9596},
	Title = {{Local Wave Field Synthesis by Spatial Band-limitation in the Circular/Spherical Harmonics Domain}},
	Year = {2016}}

@phdthesis{Schultz2016Diss,
	Author = {Frank Schultz},
	Date-Added = {2019-01-18 1:19:11 PM +0100},
	Date-Modified = {2019-01-18 1:20:04 PM +0100},
	Month = {June},
	School = {University of Rostock},
	Title = {{Sound Field Synthesis for Line Source Array Applications in Large-Scale Sound Reinforcement}},
	Url = {https://doi.org/10.18453/rosdok_id00001765},
	Year = {2016},
	Bdsk-Url-1 = {https://doi.org/10.18453/rosdok_id00001765}}

@phdthesis{Firtha2018Diss,
	Author = {Gergely Firtha},
	Date-Added = {2019-01-18 1:15:07 PM +0100},
	Date-Modified = {2019-01-18 1:25:07 PM +0100},
	Month = {October 3, 2018},
	School = {Budapest University of Technology and Economics},
	Title = {{A Unified Wave Field Synthesis Framework with Application for Moving Virtual Sources}},
	Url = {https://github.com/gfirtha/gfirtha_phd_thesis},
	Year = {2018},
	Bdsk-Url-1 = {https://github.com/gfirtha/gfirtha_phd_thesis}}

@article{Firtha2018,
	Author = {Gergely Firtha AND P{\'e}ter Fiala AND Frank Schultz AND Sascha Spors},
	Date-Modified = {2019-01-18 1:23:51 PM +0100},
	Journal = {IEEE/ACM Trans. Audio Speech Language Process.},
	Month = {December},
	Number = {12},
	Pages = {2393-2403},
	Title = {{On the General Relation of Wave Field Synthesis and Spectral Division Method for Linear Arrays}},
	Url = {https://doi.org/10.1109/TASLP.2018.2865091},
	Volume = {26},
	Year = {2018},
	Bdsk-Url-1 = {https://doi.org/10.1109/TASLP.2018.2865091}}

@article{Firtha2017,
	Author = {Gergely Firtha AND P{\'e}ter Fiala AND Frank Schultz AND Sascha Spors},
	Date-Modified = {2019-01-18 1:23:34 PM +0100},
	Journal = {IEEE/ACM Trans. Audio Speech Language Process.},
	Month = {May},
	Number = {5},
	Pages = {1117-1127},
	Title = {{Improved Referencing Schemes for 2.5D Wave Field Synthesis Driving Functions}},
	Url = {https://doi.org/10.1109/TASLP.2017.2689245},
	Volume = {25},
	Year = {2017},
	Bdsk-Url-1 = {https://doi.org/10.1109/TASLP.2017.2689245}}
